<record><leader>00000cas a22000007a 4500</leader><controlfield tag="001">17536648</controlfield><controlfield tag="008">880225d18391839ohuwr ne      0    0eng d</controlfield><datafield ind1=" " ind2=" " tag="010"><subfield code="a">sn 88077153 </subfield></datafield><datafield ind1=" " ind2=" " tag="040"><subfield code="a">ONP</subfield><subfield code="b">eng</subfield><subfield code="c">ONP</subfield><subfield code="d">OCLCQ</subfield></datafield><datafield ind1=" " ind2=" " tag="042"><subfield code="a">msc</subfield></datafield><datafield ind1="0" ind2="0" tag="245"><subfield code="a">Gridiron revivdus.</subfield></datafield><datafield ind1=" " ind2=" " tag="260"><subfield code="a">Miamiesburgh [i.e. Miamisburg, Ohio] :</subfield><subfield code="b">John Anderson,</subfield><subfield code="c">1839.</subfield></datafield><datafield ind1=" " ind2=" " tag="310"><subfield code="a">Weekly</subfield></datafield><datafield ind1="0" ind2=" " tag="362"><subfield code="a">Vol. 1, no. 1 (Apr. 6, 1839)-v. 1, no. 6 (May 11, 1839).</subfield></datafield><datafield ind1=" " ind2=" " tag="752"><subfield code="a">United States</subfield><subfield code="b">Ohio</subfield><subfield code="c">Montgomery</subfield><subfield code="d">Miamisburg.</subfield></datafield><datafield ind1="0" ind2="0" tag="785"><subfield code="t">Dayton directory and gridiron revivdus</subfield><subfield code="w">(DLC)sn 88077154</subfield></datafield></record>